@mastersthesis{bakalarka,
  title = {Implementace expertního systému s dopředným řetězením},
  type = {Bakalářská práce},
  author = {Jakub Kaláb},
  year = {2010},
  school = {Universita Palackého v Olomouci}}

@book{introduction,
  title = {Introduction to Expert Systems},
  author = {Peter Jackson},
  year = {1998},
  publisher = {Addison Wesley},
  isbn = {0-201-87686-8}}

@book{paradigms,
  title = {Paradigms of Artificial Intelligence Programming: Case Studies in Common Lisp},
  author = {Peter Norvig},
  year = {1991},
  publisher = {Morgan Kaufmann Publishers},
  isbn = {1-55860-191-0}}

@phdthesis{doorenbos,
  title = {Production Matching for Large Learning Systems},
  author = {Robert B. Doorenbos},
  year = {1995},
  school = {Carnegie Mellon University},
  url = "http://reports-archive.adm.cs.cmu.edu/anon/1995/CMU-CS-95-113.pdf"}

@manual{clips,
  organization = {CLIPS},
  title = {Rereference Manual: Volume I, Basic Programming Guide},
  year = {2007},
  url = {http://clipsrules.sourceforge.net/documentation/v630/bpg.pdf}}

@misc{problem-domain,
  title = {Problem domain --- Wikipedia, The Free Encyklopedia},
  year = 2013,
  url = {http://en.wikipedia.org/wiki/Problem_domain}}

@misc{strips,
  title = {STRIPS --- Wikipedia, The Free Encyklopedia},
  year = 2012,
  url = {http://en.wikipedia.org/wiki/STRIPS}}
