@BOOK{introduction,
  title = {Introduction to Expert Systems},
  author = {Peter Jackson},
  year = {1998},
  publisher = {Addison Wesley},
  isbn = {0-201-87686-8}}
