@mastersthesis{bakalarka,
  title = {Implementace expertního systému s dopředným řetězením},
  type = {Bakalářská práce},
  author = {Jakub Kaláb},
  year = {2010},
  school = {Universita Palackého v Olomouci}}

@book{introduction,
  title = {Introduction to Expert Systems},
  author = {Peter Jackson},
  year = {1998},
  publisher = {Addison Wesley},
  isbn = {0-201-87686-8}}

@book{paradigms,
  title = {Paradigms of Artificial Intelligence Programming: Case Studies in Common Lisp},
  author = {Peter Norvig},
  year = {1991},
  publisher = {Morgan Kaufmann Publishers},
  isbn = {1-55860-191-0}}

@phdthesis{doorenbos,
  title = {Production Matching for Large Learning Systems},
  author = {Robert B. Doorenbos},
  year = {1995},
  school = {Carnegie Mellon University},
  url = "http://reports-archive.adm.cs.cmu.edu/anon/1995/CMU-CS-95-113.pdf"}

@book{practical,
  title = {Practical Common Lisp},
  author = {Peter Siebel},
  year = {2005},
  publisher = {Apress},
  isbn = {1-59059-239-5},
  url = {http://www.gigamonkeys.com/book/}}

@manual{clips,
  organization = {CLIPS},
  title = {Tool for Building Expert Systems},
  year = {2013},
  url = {http://clipsrules.sourceforge.net/OnlineDocs.html}}

@manual{clhs,
  organization = {LispWorks Ltd.},
  title = {Common Lisp HyperSpec},
  year = {2005},
  url = {http://www.lispworks.com/documentation/HyperSpec/Front/}}

@manual{asdf,
  organization = {ASDF},
  title = {Another System Definition Facility},
  year = {2013},
  url = {http://common-lisp.net/project/asdf}}

@manual{quicklisp,
  organization = {quicklisp},
  title = {Library manager for Common Lisp},
  year = {2013},
  url = {http://www.quicklisp.org/beta}}

@manual{xlunit,
  organization = {xlunit},
  title = {Unit testing package for Common Lisp},
  year = {2010},
  url = {http://quickdocs.org/xlunit}}

@manual{iterate,
  organization = {iterate},
  title = {Extensible iteration construct},
  year = {2010},
  url = {http://common-lisp.net/project/iterate}}

@manual{git,
  organization = {git},
  title = {Open source distributed version control system},
  year = {2013},
  url = {http://git-scm.com/}}

@misc{lisp,
  title = {Common Lisp --- Wikipedia, The Free Encyklopedia},
  year = {2013},
  url = {http://en.wikipedia.org/wiki/Common_Lisp}}

@misc{expert-system,
  title = {Expert system --- Wikipedia, The Free Encyklopedia},
  year = {2013},
  url = {http://en.wikipedia.org/wiki/Expert_system}}

@misc{rete,
  title = {Rete algorithm --- Wikipedia, The Free Encyklopedia},
  year = {2013},
  url = {http://en.wikipedia.org/wiki/Rete_algorithm}}
